<record><leader>00000cas a22000007a 4500</leader><controlfield tag="001">18400076</controlfield><controlfield tag="008">880825d190319uutxucr ne      0    0eng d</controlfield><datafield ind1=" " ind2=" " tag="010"><subfield code="a">sn 88084147 </subfield></datafield><datafield ind1=" " ind2=" " tag="040"><subfield code="a">PPM</subfield><subfield code="b">eng</subfield><subfield code="c">PPM</subfield><subfield code="d">OCLCQ</subfield></datafield><datafield ind1=" " ind2=" " tag="042"><subfield code="a">msc</subfield></datafield><datafield ind1="0" ind2="4" tag="245"><subfield code="a">The Clarendon chronicle.</subfield></datafield><datafield ind1=" " ind2=" " tag="260"><subfield code="a">Clarendon, Tex. :</subfield><subfield code="b">W.P. Blake</subfield></datafield><datafield ind1=" " ind2=" " tag="310"><subfield code="a">Semiweekly</subfield></datafield><datafield ind1="0" ind2=" " tag="362"><subfield code="a">Vol. 15, no. 6 (Feb. 6, 1903)-</subfield></datafield><datafield ind1=" " ind2=" " tag="752"><subfield code="a">United States</subfield><subfield code="b">Texas</subfield><subfield code="c">Donley</subfield><subfield code="d">Clarendon.</subfield></datafield><datafield ind1="0" ind2="0" tag="780"><subfield code="t">Industrial west (Clarendon, Tex.)</subfield><subfield code="w">(DLC)sn 86088957</subfield></datafield></record>